<?xml version="1.0" encoding="UTF-8"?><collection xmlns="http://www.loc.gov/MARC21/slim"><record><leader>00403nam--2200145-i-4500</leader><controlfield tag="001">000029821</controlfield><controlfield tag="002">20161230</controlfield><controlfield tag="005">20161230201037</controlfield><controlfield tag="008">060222s1000------------r-----000-0-eng-d</controlfield><datafield ind1=" " ind2=" " tag="080"><subfield code="a">517.58:530.1</subfield></datafield><datafield ind1=" " ind2=" " tag="100"><subfield code="a">Miller, Willard Jr</subfield></datafield><datafield ind1=" " ind2=" " tag="245"><subfield code="a">Symmetry and separation of variables</subfield></datafield><datafield ind1=" " ind2=" " tag="260"><subfield code="a">London, Addison-wesley Publ.Comp.,1977. Xxx+285p</subfield></datafield><datafield ind1=" " ind2=" " tag="490"><subfield code="a">Encyclopedia Of Math.And Its Appl</subfield></datafield><datafield ind1=" " ind2=" " tag="852"><subfield code="a">49468</subfield></datafield></record></collection>